<collection xmlns="http://www.loc.gov/MARC21/slim">
<record>
  <leader>01262ncm0a22002531i 450 </leader>
  <controlfield tag="001">IT\ICCU\CNCE\045558</controlfield>
  <controlfield tag="005">20040611000000.0</controlfield>
  <datafield tag="100" ind1=" " ind2=" ">
    <subfield code="a">19990125d1595        0itac0103    ba</subfield>
  </datafield>
  <datafield tag="101" ind1=" " ind2=" ">
    <subfield code="a">LAT</subfield>
  </datafield>
  <datafield tag="102" ind1=" " ind2=" ">
    <subfield code="a">IT</subfield>
  </datafield>
  <datafield tag="200" ind1="1" ind2=" ">
    <subfield code="a">℗Francisci Stivorii organistae magnificae communitatis Montanianae. ℗Sacrae cantiones quaternis paribus vocibus decantandae. His accessit in fine missa, cum duobus magnificat</subfield>
  </datafield>
  <datafield tag="210" ind1=" " ind2=" ">
    <subfield code="a">Verona</subfield>
    <subfield code="c">Francesco Dalle Donne</subfield>
    <subfield code="d">1595</subfield>
  </datafield>
  <datafield tag="215" ind1=" " ind2=" ">
    <subfield code="a">4 fasc.</subfield>
    <subfield code="d">4ʻ</subfield>
  </datafield>
  <datafield tag="300" ind1=" " ind2=" ">
    <subfield code="a">S, A, T, B</subfield>
  </datafield>
  <datafield tag="620" ind1=" " ind2=" ">
    <subfield code="a">IT</subfield>
    <subfield code="d">Verona</subfield>
  </datafield>
  <datafield tag="700" ind1=" " ind2="1">
    <subfield code="a">Stivori,</subfield>
    <subfield code="b">Francesco</subfield>
    <subfield code="3">IT\ICCU\CNCA\011748</subfield>
  </datafield>
  <datafield tag="712" ind1="0" ind2="0">
    <subfield code="a">Dalle_Donne, Francesco</subfield>
    <subfield code="3">IT\ICCU\CNCT\001175</subfield>
    <subfield code="4">650</subfield>
  </datafield>
  <datafield tag="790" ind1=" " ind2="0">
    <subfield code="a">Stivorius</subfield>
    <subfield code="c"> : Franciscus</subfield>
    <subfield code="3">IT\ICCU\CNCA\024588</subfield>
    <subfield code="z">Stivori, Francesco</subfield>
  </datafield>
  <datafield tag="791" ind1="0" ind2="0">
    <subfield code="a">Donnis, Franciscus a</subfield>
    <subfield code="3">IT\ICCU\CNCT\003703</subfield>
    <subfield code="z">Dalle_Donne, Francesco</subfield>
  </datafield>
  <datafield tag="791" ind1="0" ind2="0">
    <subfield code="a">Donne, Francesco dalle</subfield>
    <subfield code="3">IT\ICCU\CNCT\004478</subfield>
    <subfield code="z">Dalle_Donne, Francesco</subfield>
  </datafield>
  <datafield tag="801" ind1=" " ind2="3">
    <subfield code="a">IT</subfield>
    <subfield code="b">ICCU</subfield>
    <subfield code="c">20201114</subfield>
  </datafield>
  <datafield tag="899" ind1=" " ind2=" ">
    <subfield code="a">Museo Internazionale e Biblioteca della Musica. Bologna</subfield>
    <subfield code="z">(T)</subfield>
    <subfield code="1">BO0310</subfield>
    <subfield code="2">UBO BM</subfield>
  </datafield>
  <datafield tag="911" ind1=" " ind2=" ">
    <subfield code="a">Sul front.</subfield>
    <subfield code="9">IT\ICCU\CNCM\000665</subfield>
  </datafield>
  <datafield tag="921" ind1=" " ind2=" ">
    <subfield code="a">IT\ICCU\CNCM\000665</subfield>
    <subfield code="b">Pace (donna seduta con un ramo d&apos;olivo in mano). In cornice figurata</subfield>
    <subfield code="e">Virtus fortuna, et opera</subfield>
    <subfield code="c">V536</subfield>
    <subfield code="d">Dimensioni: 3,8 x 4,5. Con o senza motto</subfield>
    <subfield code="f">MANO</subfield>
    <subfield code="f">OLIVO</subfield>
    <subfield code="f">PACE</subfield>
    <subfield code="g">1572-1599</subfield>
  </datafield>
</record>
</collection>
